@ARTICLE{f-w,
title = {An algorithm for quadratic programming},
author = {Frank, Marguerite and Wolfe, Philip},
year = {1956},
journal = {Naval Research Logistics Quarterly},
volume = {3},
number = {1‚Äê2},
pages = {95-110},
url = {https://EconPapers.repec.org/RePEc:wly:navlog:v:3:y:1956:i:1-2:p:95-110}
}


@ARTICLE{2015arXiv151105932L,
       author = {{Lacoste-Julien}, Simon and {Jaggi}, Martin},
        title = "{On the Global Linear Convergence of Frank-Wolfe Optimization Variants}",
      journal = {arXiv e-prints},
     keywords = {Mathematics - Optimization and Control, Computer Science - Machine Learning, Statistics - Machine Learning, 90C52, 90C90, 68T05, G.1.6, I.2.6},
         year = "2015",
        month = "Nov",
          eid = {arXiv:1511.05932},
        pages = {arXiv:1511.05932},
archivePrefix = {arXiv},
       eprint = {1511.05932},
 primaryClass = {math.OC},
       adsurl = {https://ui.adsabs.harvard.edu/abs/2015arXiv151105932L},
      adsnote = {Provided by the SAO/NASA Astrophysics Data System}
}

@article{Jaggi:229246,
      title = {Revisiting Frank-Wolfe: Projection-Free Sparse Convex  Optimization.},
      author = {Jaggi, Martin},
      journal = {Proceedings of the 30th International Conference on  Machine Learning},
      pages = {427-435},
      year = {2013},
      url = {http://infoscience.epfl.ch/record/229246},
}

@article{Taskaretal06,
    author = {Taskar, Benjamin and Julien, Simon L. and Jordan, Michael I.},
    citeulike-article-id = {9698027},
    citeulike-linkout-0 = {http://dblp.uni-trier.de/rec/bibtex/journals/jmlr/TaskarLJ06},
    journal = {Journal of Machine Learning Research},
    pages = {1627--1653},
    posted-at = {2011-08-22 23:34:19},
    priority = {2},
    title = {{Structured Prediction, Dual Extragradient and Bregman Projections}},
    url = {http://dblp.uni-trier.de/rec/bibtex/journals/jmlr/TaskarLJ06},
    volume = {7},
    year = {2006}
}

@article{DBLP:journals/corr/abs-1207-4747,
  author    = {Simon Lacoste{-}Julien and
               Martin Jaggi and
               Mark W. Schmidt and
               Patrick Pletscher},
  title     = {Stochastic Block-Coordinate Frank-Wolfe Optimization for Structural
               SVMs},
  journal   = {CoRR},
  volume    = {abs/1207.4747},
  year      = {2012},
  url       = {http://arxiv.org/abs/1207.4747},
  archivePrefix = {arXiv},
  eprint    = {1207.4747},
  timestamp = {Mon, 13 Aug 2018 16:47:05 +0200},
  biburl    = {https://dblp.org/rec/bib/journals/corr/abs-1207-4747},
  bibsource = {dblp computer science bibliography, https://dblp.org}
}